@inproceedings{straub2014mixture,
  title={A mixture of manhattan frames: Beyond the manhattan world},
  author={Straub, Julian and Rosman, Guy and Freifeld, Oren and Leonard, John J and Fisher, John W},
  booktitle={Computer Vision and Pattern Recognition (CVPR), 2014 IEEE Conference on},
  pages={3770--3777},
  year={2014},
  organization={IEEE}
}

@inproceedings{kaess2015simultaneous,
  title={Simultaneous localization and mapping with infinite planes},
  author={Kaess, Michael},
  booktitle={Robotics and Automation (ICRA), 2015 IEEE International Conference on},
  pages={4605--4611},
  year={2015},
  organization={IEEE}
}

@inproceedings{straub2015dirichlet,
  title={A Dirichlet process mixture model for spherical data},
  author={Straub, Julian and Chang, Jason and Freifeld, Oren and Fisher III, John},
  booktitle={Artificial Intelligence and Statistics},
  pages={930--938},
  year={2015}
}

@article{straub2017direction,
  title={Direction-Aware Semi-Dense SLAM},
  author={Straub, Julian and Cabezas, Randi and Leonard, John and Fisher III, John W},
  journal={arXiv preprint arXiv:1709.05774},
  year={2017}
}

@inproceedings{srivatsan2017bingham,
  title={Bingham distribution-based linear filter for online pose estimation},
  author={Srivatsan, Rangaprasad Arun and Xu, Mengyun and Zevallos, Nicolas and Choset, Howie}
}

@inproceedings{holz2011real,
  title={Real-time plane segmentation using RGB-D cameras},
  author={Holz, Dirk and Holzer, Stefan and Rusu, Radu Bogdan and Behnke, Sven},
  booktitle={Robot Soccer World Cup},
  pages={306--317},
  year={2011},
  organization={Springer}
}

@phdthesis{glover2014quaternion,
  title={The quaternion Bingham distribution, 3D object detection, and dynamic manipulation},
  author={Glover, Jared Marshall},
  year={2014},
  school={Massachusetts Institute of Technology}
}

@inproceedings{glover2012monte,
  title={Monte carlo pose estimation with quaternion kernels and the bingham distribution},
  author={Glover, Jared},
  year={2012}
}

@article{glover2013tracking,
  title={Tracking 3-D rotations with the quaternion Bingham filter},
  author={Glover, Jared and Kaelbling, Leslie Pack},
  year={2013}
}

@inproceedings{riedel2016multi,
  title={Multi-view orientation estimation using Bingham mixture models},
  author={Riedel, Sebastian and Marton, Zoltan-Csaba and Kriegel, Simon},
  booktitle={Automation, Quality and Testing, Robotics (AQTR), 2016 IEEE International Conference on},
  pages={1--6},
  year={2016},
  organization={IEEE}
}